@online{nagarArticle,
    author = "Tarun Nagar",
    title = "Nagar: Artificial Intelligence: The Future of Mobile Application Development",
    url  = "https://wittysparks.com/artificial-intelligence-in-mobile-application-development/",
    addendum = "(accessed: 02.01.2022)",
    keywords = "artificial intelligence,mobile application"
}

@online{SamsukhaArticle,
    author = "Amit Samsukha",
    title = "Samsukha: Future Of Mobile App Development – You Can’t Overlook in 2022 Development",
    url  = "https://www.emizentech.com/blog/future-of-app-development.html",
    addendum = "(accessed: 02.01.2022)",
    keywords = "future,mobile development"
}

@INPROCEEDINGS{9237821,
  author={Herendy, Csilla},
  booktitle={2020 11th IEEE International Conference on Cognitive Infocommunications (CogInfoCom)}, 
  title={How were apps developed during, and for, COVID-19? : An investigation into user needs assessment and testing}, 
  year={2020},
  volume={},
  number={},
  pages={000503-000508},
  doi={10.1109/CogInfoCom50765.2020.9237821}
  }
  
  @online{zinghiniArticle,
    author = "Frank Zinghini",
    title = "How COVID-19 Has Changed Mobile App Development",
    url  = "https://www.avi.com/blog/how-covid-19-has-changed-mobile-app-development/",
    addendum = "(accessed: 02.01.2022)",
    keywords = "future,mobile app development"
}

@article{medini2020ramping,
  title={Ramping Up Customer-Centric Modular Design Projects: Mobile App Development for Pandemic Relief},
  author={Medini, Khaled and Wiesner, Stefan and Poursoltan, Milad and Romero, David},
  journal={Systems},
  volume={8},
  number={4},
  pages={40},
  year={2020},
  publisher={Multidisciplinary Digital Publishing Institute}
}

@online{TkaArticle,
    author = "Tarikatechnologies",
    title = "THE BOOM IN MOBILE APP INDUSTRY DURING COVID-19 PANDEMIC",
    url  = "https://tarikatechnologies.com/blog/the-boom-in-mobile-app-industry-during-covid-19-pandemic/",
    addendum = "(accessed: 02.01.2022)",
    keywords = "covid-19,mobile development"
}

@online{VTArticle,
    author = "Vaibhavi Tamizhkumaran",
    title = "Contributions Of AI to Mobile Application Development",
    url  = "https://www.indiumsoftware.com/blog/artificial-intelligence-in-mobile-app-development/",
    addendum = "(accessed: 02.09.2022)",
    keywords = "AI,User,mobile development"
}


@online{AgileArticle,
    author = "Agile Alliance",
    title = "What is Agile?",
    url  = "https://www.agilealliance.org/agile101/",
    addendum = "(accessed: 02.09.2022)",
    keywords = "Agile,User,mobile development"
}

@article{al2020agile,
  title={Agile Software Development: Methodologies and Trends.},
  author={Al-Saqqa, Samar and Sawalha, Samer and AbdelNabi, Hiba},
  journal={International Journal of Interactive Mobile Technologies},
  volume={14},
  number={11},
  year={2020}
}

@online{BCArticle,
    author = "Lucy Manole",
    title = "How Blockchain is Disrupting the Mobile App Development Segment",
    url  = "https://www.computer.org/publications/tech-news/trends/blockchain-mobile-app-development",
    addendum = "(accessed: 03.31.2022)",
    keywords = "Agile,User,mobile development"
}

@online{JSArticle,
    author = "Jignesh Solanki",
    title = "How Blockchain is Disrupting the Mobile App Development Segment",
    url  = "https://www.simform.com/blog/mobile-app-developers-database-selection/",
    addendum = "(accessed: 03.31.2022)",
    keywords = "Database,User,mobile development"
}

@online{RBArticle,
    author = "Ranjeeta Borah",
    title = "Top Mobile App Development Frameworks in 2022",
    url  = "https://www.clariontech.com/blog/top-mobile-app-development-frameworks-in-2019",
    addendum = "(accessed: 03.31.2022)",
    keywords = "Database,User,mobile development"
}