@online{nagarArticle,
    author = "Tarun Nagar",
    title = "Nagar: Artificial Intelligence: The Future of Mobile Application Development",
    url  = "https://wittysparks.com/artificial-intelligence-in-mobile-application-development/",
    addendum = "(accessed: 02.01.2022)",
    keywords = "artificial intelligence,mobile application"
}

@online{SamsukhaArticle,
    author = "Amit Samsukha",
    title = "Samsukha: Future Of Mobile App Development – You Can’t Overlook in 2022 Development",
    url  = "https://www.emizentech.com/blog/future-of-app-development.html",
    addendum = "(accessed: 02.01.2022)",
    keywords = "future,mobile development"
}

@INPROCEEDINGS{9237821,
  author={Herendy, Csilla},
  booktitle={2020 11th IEEE International Conference on Cognitive Infocommunications (CogInfoCom)}, 
  title={How were apps developed during, and for, COVID-19? : An investigation into user needs assessment and testing}, 
  year={2020},
  volume={},
  number={},
  pages={000503-000508},
  doi={10.1109/CogInfoCom50765.2020.9237821}
  }
  
  @online{zinghiniArticle,
    author = "Frank Zinghini",
    title = "How COVID-19 Has Changed Mobile App Development",
    url  = "https://www.avi.com/blog/how-covid-19-has-changed-mobile-app-development/",
    addendum = "(accessed: 02.01.2022)",
    keywords = "future,mobile app development"
}

@article{medini2020ramping,
  title={Ramping Up Customer-Centric Modular Design Projects: Mobile App Development for Pandemic Relief},
  author={Medini, Khaled and Wiesner, Stefan and Poursoltan, Milad and Romero, David},
  journal={Systems},
  volume={8},
  number={4},
  pages={40},
  year={2020},
  publisher={Multidisciplinary Digital Publishing Institute}
}

@online{TkaArticle,
    author = "Tarikatechnologies",
    title = "THE BOOM IN MOBILE APP INDUSTRY DURING COVID-19 PANDEMIC",
    url  = "https://tarikatechnologies.com/blog/the-boom-in-mobile-app-industry-during-covid-19-pandemic/",
    addendum = "(accessed: 02.01.2022)",
    keywords = "covid-19,mobile development"
}

@online{VTArticle,
    author = "Vaibhavi Tamizhkumaran",
    title = "Contributions Of AI to Mobile Application Development",
    url  = "https://www.indiumsoftware.com/blog/artificial-intelligence-in-mobile-app-development/",
    addendum = "(accessed: 02.09.2022)",
    keywords = "AI,User,mobile development"
}


@online{AgileArticle,
    author = "Agile Alliance",
    title = "What is Agile?",
    url  = "https://www.agilealliance.org/agile101/",
    addendum = "(accessed: 02.09.2022)",
    keywords = "Agile,User,mobile development"
}

@article{al2020agile,
  title={Agile Software Development: Methodologies and Trends.},
  author={Al-Saqqa, Samar and Sawalha, Samer and AbdelNabi, Hiba},
  journal={International Journal of Interactive Mobile Technologies},
  volume={14},
  number={11},
  year={2020}
}

@online{digiteArticle,
    author = "digite",
    title = "What is Scrum?",
    url  = "https://www.digite.com/agile/scrum-methodology/",
    addendum = "(accessed: 02.15.2022)",
    keywords = "Agile,User,mobile development"
}

@online{olgaArticle,
    author = "Olga Okhrimenko",
    title = "5 keys benefits of using scrum for mobile app",
    url  = "https://justcoded.com/blog/5-key-benefits-of-using-scrum-for-mobile-app-development/#:~:text=Scrum",
    addendum = "(accessed: 02.15.2022)",
    keywords = "Scrum,mobile development"
}

@inproceedings{srivastava2017scrum,
  title={SCRUM model for agile methodology},
  author={Srivastava, Apoorva and Bhardwaj, Sukriti and Saraswat, Shipra},
  booktitle={2017 International Conference on Computing, Communication and Automation (ICCCA)},
  pages={864--869},
  year={2017},
  organization={IEEE}
}

@online{ddArticle,
    author = "Derick David",
    title = "5 Reasons Why You Should Learn iOS Development in 2021",
    url  = "https://medium.com/geekculture/5-reasons-why-you-should-learn-ios-development-in-2021-c88a431d4246",
    addendum = "(accessed: 02.20.2022)",
    keywords = "iOS,mobile development"
}


@online{ChandramohanJagtapArticle,
    author = "Chandramohan Jagtap",
    title = "5 Reasons Why You Should Learn iOS Development in 2021",
    url  = "https://medium.com/geekculture/introduction-to-bitcoin-and-blockchain-731c66a0831d",
    addendum = "(accessed: 02.20.2022)",
    keywords = "Bitcoin,Block-chain"
}

@online{ApiumhubpArticle,
    author = "Apiumhub",
    title = "So what are the main benefits of using GitHub?",
    url  = "https://apiumhub.com/tech-blog-barcelona/using-github/",
    addendum = "(accessed: 02.28.2022)",
    keywords = "github"
}

@online{BetsolArticle,
    author = "Betsol",
    title = "7 Stages Of SDLC: How To Keep Development Teams Running",
    url  = "https://www.betsol.com/blog/7-stages-of-sdlc-how-to-keep-development-teams-running/",
    addendum = "(accessed: 02.28.2022)",
    keywords = "software development"
}

@online{clearTeachArticle,
    author = "clearTeach",
    title = "The Benefits of React Native for Mobile App Development",
    url  = "https://www.cleart.com/the-benefits-of-react-native-for-mobile-app-development.html",
    addendum = "(accessed: 03.15.2022)",
    keywords = "React native,software development"
}

@online{AnnaDziubaArticle,
    author = "AnnaDziuba",
    title = "Top 8 Flutter Advantages and Why You Should Try Flutter on Your Next Project",
    url  = "https://relevant.software/blog/top-8-flutter-advantages-and-why-you-should-try-flutter-on-your-next-project/",
    addendum = "(accessed: 03.15.2022)",
    keywords = "Flutter,software development"
}

@online{VTArticle,
    author = "Vaibhavi Tamizhkumaran",
    title = "Contributions Of AI to Mobile Application Development",
    url  = "https://www.indiumsoftware.com/blog/artificial-intelligence-in-mobile-app-development/",
    addendum = "(accessed: 02.09.2022)",
    keywords = "AI,User,mobile development"
}