@online{nagarArticle,
    author = "Tarun Nagar",
    title = "Nagar: Artificial Intelligence: The Future of Mobile Application Development",
    url  = "https://wittysparks.com/artificial-intelligence-in-mobile-application-development/",
    addendum = "(accessed: 02.01.2022)",
    keywords = "artificial intelligence,mobile application"
}

@online{SamsukhaArticle,
    author = "Amit Samsukha",
    title = "Samsukha: Future Of Mobile App Development – You Can’t Overlook in 2022 Development",
    url  = "https://www.emizentech.com/blog/future-of-app-development.html",
    addendum = "(accessed: 02.01.2022)",
    keywords = "future,mobile development"
}

@INPROCEEDINGS{9237821,
  author={Herendy, Csilla},
  booktitle={2020 11th IEEE International Conference on Cognitive Infocommunications (CogInfoCom)}, 
  title={How were apps developed during, and for, COVID-19? : An investigation into user needs assessment and testing}, 
  year={2020},
  volume={},
  number={},
  pages={000503-000508},
  doi={10.1109/CogInfoCom50765.2020.9237821}
  }
  
  @online{zinghiniArticle,
    author = "Frank Zinghini",
    title = "How COVID-19 Has Changed Mobile App Development",
    url  = "https://www.avi.com/blog/how-covid-19-has-changed-mobile-app-development/",
    addendum = "(accessed: 02.01.2022)",
    keywords = "future,mobile app development"
}

@article{medini2020ramping,
  title={Ramping Up Customer-Centric Modular Design Projects: Mobile App Development for Pandemic Relief},
  author={Medini, Khaled and Wiesner, Stefan and Poursoltan, Milad and Romero, David},
  journal={Systems},
  volume={8},
  number={4},
  pages={40},
  year={2020},
  publisher={Multidisciplinary Digital Publishing Institute}
}

@online{TkaArticle,
    author = "Tarikatechnologies",
    title = "THE BOOM IN MOBILE APP INDUSTRY DURING COVID-19 PANDEMIC",
    url  = "https://tarikatechnologies.com/blog/the-boom-in-mobile-app-industry-during-covid-19-pandemic/",
    addendum = "(accessed: 02.01.2022)",
    keywords = "covid-19,mobile development"
}